<Doc xmlns:gs2="http://www.greenstone.org/gs2" file="HASH7c57\5f57a57c\fb45ab00\33s27.dir\doc.xml"  gs2:docOID="HASH7c575f57a57cfb45ab0033s27" gs2:mode="add">

<Sec  gs2:docOID="HASH7c575f57a57cfb45ab0033s27" gs2:mode="add">
&lt;pre&gt;
 LDR 01079njm  22003017a 4500
001     5749286
005     19950204073643.4
007     sdubumennmpluu
008     950203s1981    xx uun              eng  
035    _9 (DLC)   95774124
906    _a 7
       _b cbc
       _c orignew
       _d 3
       _e ncip
       _f 19
       _g y-genmusic
955    _a vn22
010    _a    95774124 
028 00 _a 38356
       _b Pac Records
035    _a (OCoLC)31926039 
040    _a DLC
       _c DLC
050 00 _a Pac Records 38356
245 00 _a Dawn of the silver Beatles
       _h [sound recording].
260    _a [S.l.] :
       _b Pac Records,
       _c p1981.
300    _a 1 sound disc :
       _b analog, 33 1/3 rpm ;
       _c 12 in.
511 0  _a Performed by the Beatles (John Lennon, Paul McCartney,
 George Harrison, Peter Best).
505 0  _a Love of the loved -- Sure to fall -- Money -- Talke good
 care of my baby -- Three cool cats -- Like dreamers do --
 Searchin' -- Crying, waiting, hoping -- Till there was you --
 Memphis.
500    _a Brief record.
650  0 _a Rock music.
710 2  _a Beatles.
       _4 prf
953    _a TA28
985    _a 9502
991    _b c-RecSound
       _h Pac Records 38356
       _w MUSIC
&lt;/pre&gt;
 
</Sec>


</Doc>
